% Encoding: UTF-8

@Misc{flask:homepage,
  author = {{Armin Ronacher}},
  title  = {Flask Web Development, One Drop at a Time},
  year   = {2019},
  note   = {[Online; accessed 30-March-2019]},
  howpublished = "\url{http://flask.pocoo.org/}"
}

@Misc{wsgi:what,
  author = {{---}},
  title  = {What is WSGI?},
  year   = {2019},
  note   = {[Online; accessed 28-March-2019]},
  howpublished = "\url{https://wsgi.readthedocs.io/en/latest/what.html}"
}

@Misc{werkzeug:homepage,
  author = {{---}},
  title  = {Werkzeug Documentation},
  year   = {2019},
  note   = {[Online; accessed 28-March-2019]},
  howpublished = "\url{https://werkzeug.palletsprojects.com/en/0.14.x/}"
}

@Misc{jinja2:homepage,
  author = {{Armin Ronacher}},
  title  = {Jinja 2 Homepage},
  year   = {2008},
  note   = {[Online; accessed 28-March-2019]},
  howpublished = "\url{http://jinja.pocoo.org/docs/2.10/}"
}

@Misc{wiki:templating_engine,
  author = {{Wikipedia contributors}},
  title  = {ISO/IEC 9126 --- {Wikipedia}{,} The Free Encyclopedia},
  year   = {2018},
  howpublished = "\url{https://en.wikipedia.org/w/index.php?title=ISO/IEC_9126&oldid=859222671}",
  note   = {[Online; accessed 30-March-2019]}
}

@Misc{nornir:homepage,
  author = {{David Barroso}},
  title  = {Nornir Documentation},
  year   = {2018},
  note   = {[Online; accessed 28-March-2019]},
  howpublished = "\url{https://nornir.readthedocs.io/en/stable/}"
}

@Misc{venv:how-to-use-python-virtualenv,
  author = {{---}},
  title  = {How to use Python virtualenv},
  year   = {2013},
  note   = {[Online; accessed 31-March-2019]},
  howpublished = "\url{https://www.pythonforbeginners.com/basics/how-to-use-python-virtualenv/}"
}

@Comment{jabref-meta: databaseType:biblatex;}
